@inbook{lessons_book,
	title={Lessons Learned in Software Testing: A Context-Driven Approach},
	author={Kaner, Cem and Bach, James and Pettichord, Bret},
	publisher={Wiley Computer Publishing},
	isbn={0-471-08112-4},
}